@misc{arthan2004eudoxus,
      title={The Eudoxus Real Numbers}, 
      author={R. D. Arthan},
      year={2004},
      eprint={math/0405454},
      archivePrefix={arXiv},
      primaryClass={math.HO}
}